<?xml version="1.0" encoding="UTF-8"?><collection xmlns="http://www.loc.gov/MARC21/slim"><record><leader>00463nam--2200193-u-4500</leader><controlfield tag="001">000056381</controlfield><controlfield tag="002">20161230</controlfield><controlfield tag="005">20161230201052</controlfield><controlfield tag="008">150812s1000------------r-----000-0-rus-d</controlfield><datafield ind1=" " ind2=" " tag="040"><subfield code="a">IFIN-HH</subfield></datafield><datafield ind1=" " ind2=" " tag="041"><subfield code="a">rus</subfield></datafield><datafield ind1=" " ind2=" " tag="080"><subfield code="a">53(092)</subfield></datafield><datafield ind1="1" ind2=" " tag="100"><subfield code="a">Kliaus, E.M</subfield></datafield><datafield ind1="1" ind2="0" tag="245"><subfield code="a">Maks plank 1858-1947</subfield><subfield code="c">E.m. kliaus, u.i. frankfurt</subfield></datafield><datafield ind1=" " ind2=" " tag="260"><subfield code="a">Moskva</subfield><subfield code="b">Nauka</subfield><subfield code="c">1980</subfield></datafield><datafield ind1=" " ind2=" " tag="300"><subfield code="a">390P</subfield></datafield><datafield ind1="1" ind2=" " tag="700"><subfield code="a">Frankfurt, U.I</subfield></datafield><datafield ind1=" " ind2=" " tag="852"><subfield code="a">75671</subfield><subfield code="c">53</subfield></datafield><datafield ind1=" " ind2=" " tag="CAT"><subfield code="a">Sys</subfield><subfield code="c">20150812</subfield><subfield code="h">105134</subfield></datafield></record></collection>